@fig{abhaengigkeit,
main = {Selbstgezeichnet ?!},
file = {abhaengigkeit_targets},
caption = {Abh{\"a}ngigkeiten Eins}
}

@fig{abhaengigkeit2,
main = {Abh{\"a}ngigkeiten},
file = {abhaengigkeit_targets},
add = {Zusatzinfo mit addcaption},
caption = {Abh{\"a}ngigkeiten Zwei},
source = {Quelle ANT-Book}
}

