@Manual{apache:org,
  title = 	 {The Apache},
  organization =  {Apache Software Foundation},
  OPTkey = 	 {},
  OPTtype = 	 {},
  OPTnumber = 	 {},
  address =	 {http://www.apache.org/},
  OPTmonth = 	 {},
  OPTnote = 	 {},
  OPTannote = 	 {}
}

@Manual{ant:org:manual,
  title = 	 {Das ANT Manual},
  OPTkey = 	 {},
  OPTauthor = 	 {},
  organization =  {Apache Software Foundation},
  address =	 {http://ant.apache.org/manual/index.html},
  OPTedition = 	 {},
  OPTmonth = 	 {},
  OPTyear = 	 {},
  OPTnote = 	 {},
  OPTannote = 	 {}
}
@Manual{ant:org:manual:develop,
  title = 	 {Entwickeln mit ANT},
  OPTkey = 	 {},
  OPTauthor = 	 {},
  organization =  {Apache Software Foundation},
  address =	 {http://ant.apache.org/manual/develop.html},
  OPTedition = 	 {},
  OPTmonth = 	 {},
  OPTyear = 	 {},
  OPTnote = 	 {},
  OPTannote = 	 {}
}

@Manual{eclipse:org,
  title = 	 {Homepage der Eclipse IDE},
  key =		 {eclipse:org},
  OPTauthor = 	 {},
  address =	 {http://www.eclipse.org},
  OPTedition = 	 {},
  OPTmonth = 	 {},
  OPTyear = 	 {},
  OPTnote = 	 {},
  OPTannote = 	 {}
}

@Manual{ant:org,
  title = 	 {ANT Homepage},
  OPTkey = 	 {},
  OPTauthor = 	 {},
  organization =  {Apache Software Foundation},
  address =	 {http://ant.apache.org},
  OPTedition = 	 {},
  OPTmonth = 	 {},
  OPTyear = 	 {},
  OPTnote = 	 {},
  OPTannote = 	 {}
}

